<?xml version = "1.0" encoding = "UTF-8"?><OAI-PMH xmlns="http://www.openarchives.org/OAI/2.0/" xmlns:xsi="http://www.w3.org/2001/XMLSchema-instance" xsi:schemaLocation="http://www.openarchives.org/OAI/2.0/ http://www.openarchives.org/OAI/2.0/OAI-PMH.xsd"><ListRecords><record><header><identifier>aleph-publish:008674034</identifier></header><metadata><record xmlns="http://www.ddb.de/professionell/mabxml/mabxml-1.xsd"><leader>00191vM2.01200024------u</leader><controlfield tag="LDR">00191vM2.01200024------u</controlfield><controlfield tag="FMT">MU</controlfield><datafield tag="001" ind1="-" ind2="1"><subfield code="a">HT008800088</subfield></datafield><datafield tag="001" ind1="-" ind2="2"><subfield code="a">HT008777895</subfield></datafield><datafield tag="002" ind1="a" ind2="1"><subfield code="a">19980725</subfield></datafield><datafield tag="002" ind1="a" ind2="2"><subfield code="a">19980725</subfield></datafield><datafield tag="003" ind1="-" ind2="1"><subfield code="a">20170726</subfield></datafield><datafield tag="003" ind1="-" ind2="2"><subfield code="a">20170726</subfield></datafield><datafield tag="010" ind1="-" ind2="1"><subfield code="a">HT008777895</subfield></datafield><datafield tag="026" ind1="-" ind2="1"><subfield code="a">HBZHT008800088</subfield></datafield><datafield tag="026" ind1="-" ind2="2"><subfield code="a">HBZHT008777895</subfield></datafield><controlfield tag="030">a|1uc||||||||</controlfield><datafield tag="036" ind1="a" ind2="2"><subfield code="a">DXDE</subfield></datafield><datafield tag="037" ind1="b" ind2="2"><subfield code="a">lat</subfield></datafield><controlfield tag="050">a|||||||||||||</controlfield><controlfield tag="051">m|||||||</controlfield><datafield tag="070" ind1="-" ind2="1"><subfield code="a">HBZ/Off</subfield></datafield><datafield tag="070" ind1="-" ind2="2"><subfield code="a">HBZ/Off</subfield></datafield><datafield tag="070" ind1="b" ind2="1"><subfield code="a">6</subfield></datafield><datafield tag="070" ind1="b" ind2="2"><subfield code="a">6</subfield></datafield><datafield tag="078" ind1="b" ind2="1"><subfield code="a">Schulprogramm</subfield></datafield><datafield tag="078" ind1="b" ind2="2"><subfield code="a">Schulprogramm</subfield></datafield><datafield tag="080" ind1="-" ind2="1"><subfield code="a">60</subfield></datafield><datafield tag="080" ind1="-" ind2="2"><subfield code="a">60</subfield></datafield><controlfield tag="089">1</controlfield><datafield tag="090" ind1="-" ind2="1"><subfield code="a">1</subfield></datafield><datafield tag="100" ind1="-" ind2="2"><subfield code="p">Fickert, Karl Rudolf</subfield><subfield code="d">1807-1880</subfield><subfield code="9">(DE-588)11649056X</subfield></datafield><datafield tag="101" ind1="-" ind2="2"><subfield code="p">Fickert, Carl Rudolf</subfield><subfield code="d">1807-1880</subfield></datafield><datafield tag="101" ind1="-" ind2="2"><subfield code="p">Fickert, Karl Rudolph</subfield><subfield code="d">1807-1880</subfield></datafield><datafield tag="101" ind1="-" ind2="2"><subfield code="p">Fickert, Carl Rudolph</subfield><subfield code="d">1807-1880</subfield></datafield><datafield tag="101" ind1="-" ind2="2"><subfield code="p">Fickert, Carolus Rudolphus</subfield><subfield code="d">1807-1880</subfield></datafield><datafield tag="101" ind1="-" ind2="2"><subfield code="p">Fickert, K. R.</subfield><subfield code="d">1807-1880</subfield></datafield><datafield tag="101" ind1="-" ind2="2"><subfield code="p">Fickert, C. R.</subfield><subfield code="d">1807-1880</subfield></datafield><datafield tag="101" ind1="-" ind2="2"><subfield code="p">Fickert, Carolus</subfield><subfield code="d">1807-1880</subfield></datafield><datafield tag="104" ind1="b" ind2="2"><subfield code="p">Grovenius, Johannes Friedrich</subfield></datafield><datafield tag="331" ind1="-" ind2="1"><subfield code="a">Continet notas in libros tres priores</subfield></datafield><datafield tag="331" ind1="-" ind2="2"><subfield code="a">Ioannis Friderici Gronovi Notae in L. Annaei Senecae naturales quaestiones</subfield></datafield><datafield tag="359" ind1="-" ind2="2"><subfield code="a">e manuscripto Hamburgensi primus ed. Carolus Rudolphus Fickert</subfield></datafield><datafield tag="425" ind1="b" ind2="2"><subfield code="a">1846</subfield></datafield><datafield tag="425" ind1="a" ind2="1"><subfield code="a">1846</subfield></datafield><datafield tag="501" ind1="-" ind2="1"><subfield code="a">1846, S. [3] - 48</subfield></datafield><datafield tag="590" ind1="-" ind2="2"><subfield code="a">Zu der am ... abzuhaltenden öffentlichen Prüfung aller Classen des Elisabet-Gymnasiums und zu der damit verbundenen Redeübung und Entlassung der Abiturienten am ... ladet die Beschützer, Gönner und Freunde des Gymnasiums und des Schulwesens überhaupt ehrerbietigst ein</subfield></datafield><datafield tag="594" ind1="-" ind2="2"><subfield code="a">Breslau</subfield></datafield><datafield tag="599" ind1="-" ind2="1"><subfield code="a">HT012334029</subfield></datafield><controlfield tag="SYS">008674034</controlfield><datafield tag="088" ind1=" " ind2=" "><subfield code="a">6/NT</subfield></datafield></record></metadata></record></ListRecords></OAI-PMH>